@misc{snapnets,
  author       = {Jure Leskovec and Andrej Krevl},
  title        = {{SNAP Datasets}: {Stanford} Large Network Dataset Collection},
  howpublished = {\url{http://snap.stanford.edu/data}},
  month        = jun,
  year         = 2014
}

@article{Newman_2006,
	title={Finding community structure in networks using the eigenvectors of matrices},
	volume={74},
	ISSN={1550-2376},
	url={http://dx.doi.org/10.1103/PhysRevE.74.036104},
	DOI={10.1103/physreve.74.036104},
	number={3},
	journal={Physical Review E},
	publisher={American Physical Society (APS)},
	author={Newman, M. E. J.},
	year={2006},
	month={Sep}
}

@article{small_world,
	author={Watts, Ducan J.},
title={Collective dynamics of small-world networks},
volume={393},
ISSN={1476-4687},
journal={Nature}
}

@article{pb,
author={Robert Ackland},
title={Mapping the us political blogsphere: Are conservative bloggers more prominent?}
}